<collection>
<record>
<leader>06870cpcaa22010457a 4500</leader>
<controlfield tag="001">11810717</controlfield>
<controlfield tag="005">20180705164217.0</controlfield>
<controlfield tag="008">960205i19891989dcu eng </controlfield>
<datafield ind1=" " ind2=" " tag="010">
<subfield code="a"> 2004695159</subfield>
</datafield>
<datafield ind1=" " ind2=" " tag="035">
<subfield code="a">afc96000029</subfield>
</datafield>
<datafield ind1=" " ind2=" " tag="906">
<subfield code="a">7</subfield>
<subfield code="b">cbc</subfield>
<subfield code="c">orignew</subfield>
<subfield code="d">1</subfield>
<subfield code="e">ncip</subfield>
<subfield code="f">19</subfield>
<subfield code="g">y-folklife</subfield>
</datafield>
<datafield ind1=" " ind2=" " tag="955">
<subfield code="a">
mfor ?/?/96; shal 10/14/99; kblu 02-09-00; cker 02-16-00; mkru 2004-03-17; mkru 2004-05-26; mkru 2004-09-30; mkru 2004-11-17; mkru 2005-07-12; mkru 2011-11-04
</subfield>
<subfield code="a">mkru 2012-12-19;</subfield>
<subfield code="a">mseg 2013-03-13; cker 2015-12-15</subfield>
<subfield code="a">mkru 2015-12-15</subfield>
<subfield code="a">mseg 2017-07-09</subfield>
<subfield code="a">mseg 2017-07-11</subfield>
<subfield code="a">mkru 2018-05-21</subfield>
</datafield>
<datafield ind1=" " ind2=" " tag="040">
<subfield code="a">DLC</subfield>
<subfield code="c">DLC</subfield>
<subfield code="e">appm</subfield>
<subfield code="d">DLC</subfield>
</datafield>
<datafield ind1="0" ind2=" " tag="041">
<subfield code="a">eng</subfield>
<subfield code="d">eng</subfield>
<subfield code="d">ben</subfield>
<subfield code="d">pol</subfield>
<subfield code="d">spa</subfield>
</datafield>
<datafield ind1=" " ind2=" " tag="043">
<subfield code="a">n-us---</subfield>
<subfield code="a">n-cn-qu</subfield>
<subfield code="a">e-pl---</subfield>
</datafield>
<datafield ind1=" " ind2=" " tag="090">
<subfield code="a">RAA 53002-RAA 53013; RAA 58285-58286</subfield>
</datafield>
<datafield ind1=" " ind2=" " tag="090">
<subfield code="a">AFC 1989/009:SR1-10, 12-15 (preservation reels)</subfield>
</datafield>
<datafield ind1=" " ind2=" " tag="090">
<subfield code="a">AFC 1989/009:SR11, 16-17 (analog cassettes)</subfield>
</datafield>
<datafield ind1=" " ind2=" " tag="090">
<subfield code="a">AFC 1989/009:MV1 (VHS videocassette)</subfield>
</datafield>
<datafield ind1=" " ind2=" " tag="090">
<subfield code="a">AFC 1989/009</subfield>
</datafield>
<datafield ind1="0" ind2="0" tag="245">
<subfield code="a">1989 Neptune Plaza Concert Series collection,</subfield>
<subfield code="f">1989 /</subfield>
<subfield code="c">
sponsored by the American Folklife Center ; assisted by the National Council for the Traditional Arts.
</subfield>
</datafield>
<datafield ind1="0" ind2=" " tag="246">
<subfield code="a">American Folklife Center concert, 1989</subfield>
</datafield>
<datafield ind1=" " ind2=" " tag="260">
<subfield code="c">1989.</subfield>
</datafield>
<datafield ind1=" " ind2=" " tag="300">
<subfield code="3">manuscripts</subfield>
<subfield code="a">10</subfield>
<subfield code="f">folders.</subfield>
</datafield>
<datafield ind1=" " ind2=" " tag="300">
<subfield code="3">sound recordings</subfield>
<subfield code="a">12 sound tape reels :</subfield>
<subfield code="b">analog, 7 1/2 ips, 2 track, stereo. ;</subfield>
<subfield code="c">10 in.</subfield>
</datafield>
<datafield ind1=" " ind2=" " tag="300">
<subfield code="3">sound recordings</subfield>
<subfield code="a">2 sound tape reels :</subfield>
<subfield code="b">analog, 15 ips, 2 track, stereo. ;</subfield>
<subfield code="c">10 in.</subfield>
</datafield>
<datafield ind1=" " ind2=" " tag="300">
<subfield code="3">sound recordings</subfield>
<subfield code="a">3 sound cassettes :</subfield>
<subfield code="b">analog.</subfield>
</datafield>
<datafield ind1=" " ind2=" " tag="300">
<subfield code="3">graphic materials</subfield>
<subfield code="a">112 photographic prints :</subfield>
<subfield code="b">black and white ;</subfield>
<subfield code="c">8 x 10 in. and smaller.</subfield>
</datafield>
<datafield ind1=" " ind2=" " tag="300">
<subfield code="a">graphic materials</subfield>
<subfield code="a">108 slides :</subfield>
<subfield code="b">color.</subfield>
</datafield>
<datafield ind1=" " ind2=" " tag="300">
<subfield code="a">graphic materials</subfield>
<subfield code="a">95 photographs :</subfield>
<subfield code="b">negatives, black and white.</subfield>
</datafield>
<datafield ind1=" " ind2=" " tag="300">
<subfield code="3">moving images</subfield>
<subfield code="a">1 videocassette of 1 (VHS) :</subfield>
<subfield code="b">sound, color ;</subfield>
<subfield code="c">1/2 in.</subfield>
</datafield>
<datafield ind1=" " ind2="0" tag="440">
<subfield code="a">Neptune Plaza concert series</subfield>
</datafield>
<datafield ind1=" " ind2=" " tag="500">
<subfield code="a">
Photographs include negatives (95 images), black and white contact sheets (398 images), photographic prints (112), and color slides (108). Photographs by Reid S. Baker, John Gibbs, and unidentified photographers.
</subfield>
</datafield>
<datafield ind1=" " ind2=" " tag="500">
<subfield code="a">
Includes a copy of a videorecording (VHS) of the Gospel Pearls and the King's Men made by Northern Virginia Cable TV station WNVT-53/WNVC-56.
</subfield>
</datafield>
<datafield ind1=" " ind2=" " tag="500">
<subfield code="a">
Analog cassette AFC 1989/009:SR 11 was recorded concurrently with AFC 1989:SR 9-10 (preservation tape reels); analog cassettes AFC 1989/009:SR 16-17 were recorded concurrently with AFC 1989:SR 14-15 (preservation tape reels).
</subfield>
</datafield>
<datafield ind1=" " ind2=" " tag="520">
<subfield code="a">
The collection consists of manuscript materials, sound recordings, and photographs documenting the performance of French Canadian music and dance, including step dancing; Polish-style polka, old-time music, bluegrass music, Bengali music, vallenato-style Colombian music, and gospel music recorded live outdoors on Neptune Plaza in front of the Thomas Jefferson Building, Library of Congress, at concerts from April through September 1989, sponsored by the American Folklife Center and the National Council for the Traditional Arts. Concerts were broadcast live on WAMU-FM, hosted by Dick Spottswood. Manuscripts include some correspondence and program flyers autographed by the performers.
</subfield>
</datafield>
<datafield ind1="0" ind2=" " tag="505">
<subfield code="a">
April 20: QuebecTraditional Music and Dance (French Canadian music, Quebec) -- May 18: Eddie Blazonczyk and the Versatones (Polish-style polka, Illinois) -- June 15: Greg Hooven and the Back Step Band (Old-time music, North Carolina) -- July 20: Ganga (Bengali music, Washington, D.C.) -- August 17: The Nashville Bluegrass Band (Bluegrass music) -- September 21: Ivan y Sus Auténticos Vallenatos (Colombian music, Maryland) -- October 19: The Gospel Pearls and The King's Men (Gospel music, Washington, D.C.)
</subfield>
</datafield>
<datafield ind1="8" ind2=" " tag="524">
<subfield code="a">
1989 Neptune Plaza Concert Series collection (AFC 1989/009), Archive of Folk Culture, American Folklife Center, Library of Congress, Washington, D.C.
</subfield>
</datafield>
<datafield ind1="1" ind2=" " tag="506">
<subfield code="a">
Collection is open for research; access restrictions may apply, some materials may be stored offsite. To request materials, please contact the Folklife Reading Room at
</subfield>
<subfield code="u">http://hdl.loc.gov/loc.afc/folklife.contact</subfield>
</datafield>
<datafield ind1=" " ind2=" " tag="540">
<subfield code="a">
Duplication of the recorded materials may be governed by copyright and other restrictions.
</subfield>
</datafield>
<datafield ind1=" " ind2=" " tag="546">
<subfield code="3">Manuscripts</subfield>
<subfield code="a">in English.</subfield>
</datafield>
<datafield ind1=" " ind2=" " tag="546">
<subfield code="3">Sound recordings</subfield>
<subfield code="a">in Bengali, English, Polish, Spanish.</subfield>
</datafield>
<datafield ind1="0" ind2=" " tag="555">
<subfield code="a">
Finding aid is available in the Folklife Reading Room and online
</subfield>
<subfield code="u">http://hdl.loc.gov/loc.afc/eadafc.af011016</subfield>
</datafield>
<datafield ind1=" " ind2="0" tag="650">
<subfield code="a">Folk music</subfield>
<subfield code="z">United States.</subfield>
</datafield>
<datafield ind1=" " ind2="0" tag="650">
<subfield code="a">Folk music</subfield>
<subfield code="z">Quebec (Province)</subfield>
</datafield>
<datafield ind1=" " ind2="0" tag="650">
<subfield code="a">Bluegrass music</subfield>
<subfield code="y">1981-1990.</subfield>
</datafield>
<datafield ind1=" " ind2="0" tag="650">
<subfield code="a">Gospel music</subfield>
<subfield code="z">Washington (D.C.)</subfield>
</datafield>
<datafield ind1=" " ind2="0" tag="650">
<subfield code="a">Folk dance music</subfield>
<subfield code="z">Quebec (Province)</subfield>
</datafield>
<datafield ind1=" " ind2="0" tag="650">
<subfield code="a">Folk dancing</subfield>
<subfield code="z">Quebec (Province)</subfield>
</datafield>
<datafield ind1=" " ind2="0" tag="650">
<subfield code="a">Step dancing</subfield>
<subfield code="z">Quebec (Province)</subfield>
</datafield>
<datafield ind1=" " ind2="0" tag="650">
<subfield code="a">Polka (Dance)</subfield>
<subfield code="z">Illinois</subfield>
<subfield code="z">Chicago.</subfield>
</datafield>
<datafield ind1=" " ind2="0" tag="650">
<subfield code="a">Polkas</subfield>
<subfield code="z">Illinois</subfield>
<subfield code="z">Chicago.</subfield>
</datafield>
<datafield ind1=" " ind2="0" tag="650">
<subfield code="a">Folk music</subfield>
<subfield code="z">Appalachian Region.</subfield>
</datafield>
<datafield ind1=" " ind2="0" tag="650">
<subfield code="a">Old-time music</subfield>
<subfield code="z">North Carolina.</subfield>
</datafield>
<datafield ind1=" " ind2="0" tag="650">
<subfield code="a">Popular music</subfield>
<subfield code="z">Colombia.</subfield>
</datafield>
<datafield ind1=" " ind2="0" tag="650">
<subfield code="a">African Americans</subfield>
<subfield code="v">Music.</subfield>
</datafield>
<datafield ind1=" " ind2="0" tag="650">
<subfield code="a">Bengali (South Asian people)</subfield>
<subfield code="z">Washington (D.C.)</subfield>
<subfield code="v">Music.</subfield>
</datafield>
<datafield ind1=" " ind2="0" tag="650">
<subfield code="a">Polish Americans</subfield>
<subfield code="z">Illinois</subfield>
<subfield code="v">Music.</subfield>
</datafield>
<datafield ind1=" " ind2="0" tag="650">
<subfield code="a">French-Canadians</subfield>
<subfield code="v">Music.</subfield>
</datafield>
<datafield ind1=" " ind2="0" tag="650">
<subfield code="a">Colombian Americans</subfield>
<subfield code="z">Maryland</subfield>
<subfield code="v">Music.</subfield>
</datafield>
<datafield ind1=" " ind2="0" tag="651">
<subfield code="a">Washington (D.C.)</subfield>
<subfield code="e">event place</subfield>
</datafield>
<datafield ind1=" " ind2="7" tag="655">
<subfield code="a">Sound recordings.</subfield>
<subfield code="2">lcgft</subfield>
</datafield>
<datafield ind1=" " ind2="7" tag="655">
<subfield code="a">Manuscripts.</subfield>
<subfield code="2">aat</subfield>
</datafield>
<datafield ind1=" " ind2="7" tag="655">
<subfield code="a">Photographic prints.</subfield>
<subfield code="2">aat</subfield>
</datafield>
<datafield ind1=" " ind2="7" tag="655">
<subfield code="a">Color slides.</subfield>
<subfield code="2">aat</subfield>
</datafield>
<datafield ind1=" " ind2="7" tag="655">
<subfield code="a">Videocassettes.</subfield>
<subfield code="2">aat</subfield>
</datafield>
<datafield ind1=" " ind2="7" tag="655">
<subfield code="a">Correspondence.</subfield>
<subfield code="2">aat</subfield>
</datafield>
<datafield ind1=" " ind2="7" tag="655">
<subfield code="a">Autographs.</subfield>
<subfield code="2">aat</subfield>
</datafield>
<datafield ind1="1" ind2=" " tag="700">
<subfield code="a">Legault, Normand,</subfield>
<subfield code="e">dancer.</subfield>
</datafield>
<datafield ind1="1" ind2=" " tag="700">
<subfield code="a">Blazonczyk, Eddie,</subfield>
<subfield code="e">performer.</subfield>
</datafield>
<datafield ind1="1" ind2=" " tag="700">
<subfield code="a">Hooven, Greg,</subfield>
<subfield code="e">performer.</subfield>
</datafield>
<datafield ind1="1" ind2=" " tag="700">
<subfield code="a">Spottswood, Richard K.</subfield>
<subfield code="q">(Richard Keith),</subfield>
<subfield code="e">host.</subfield>
</datafield>
<datafield ind1="2" ind2=" " tag="710">
<subfield code="a">Eddie Blazonczyk's Versatones,</subfield>
<subfield code="e">performer.</subfield>
</datafield>
<datafield ind1="2" ind2=" " tag="710">
<subfield code="a">Back Step Band,</subfield>
<subfield code="e">performer.</subfield>
</datafield>
<datafield ind1="2" ind2=" " tag="710">
<subfield code="a">Ganga (Musical group),</subfield>
<subfield code="e">performer.</subfield>
</datafield>
<datafield ind1="2" ind2=" " tag="710">
<subfield code="a">Nashville Bluegrass Band,</subfield>
<subfield code="e">performer.</subfield>
</datafield>
<datafield ind1="2" ind2=" " tag="710">
<subfield code="a">Ivan y Sus Auténticos Vallenatos,</subfield>
<subfield code="e">performer.</subfield>
</datafield>
<datafield ind1="2" ind2=" " tag="710">
<subfield code="a">Gospel Pearls (Musical group),</subfield>
<subfield code="e">performer.</subfield>
</datafield>
<datafield ind1="2" ind2=" " tag="710">
<subfield code="a">King's Men (Musical group : Washington, D.C.),</subfield>
<subfield code="e">performer.</subfield>
</datafield>
<datafield ind1="2" ind2=" " tag="710">
<subfield code="a">American Folklife Center,</subfield>
<subfield code="e">sponsor.</subfield>
</datafield>
<datafield ind1="2" ind2=" " tag="710">
<subfield code="a">Archive of Folk Culture (Library of Congress)</subfield>
<subfield code="e">collector.</subfield>
</datafield>
<datafield ind1="2" ind2=" " tag="710">
<subfield code="a">National Council for the Traditional Arts,</subfield>
<subfield code="e">sponsor.</subfield>
</datafield>
<datafield ind1="2" ind2=" " tag="710">
<subfield code="a">WNVT (Television station : Annandale, Va.)</subfield>
</datafield>
<datafield ind1="2" ind2=" " tag="710">
<subfield code="a">WAMU-FM (Radio station : Washington, D.C.)</subfield>
</datafield>
<datafield ind1=" " ind2=" " tag="852">
<subfield code="a">Library of Congress</subfield>
<subfield code="b">Archive of Folk Culture, American Folklife Center,</subfield>
<subfield code="e">
101 Independence Ave. S.E., Washington, DC USA 20540-4610
</subfield>
<subfield code="u">http://hdl.loc.gov/loc.afc/folklife.home</subfield>
</datafield>
<datafield ind1="4" ind2="2" tag="856">
<subfield code="3">Finding aid</subfield>
<subfield code="u">http://hdl.loc.gov/loc.afc/eadafc.af011016</subfield>
</datafield>
<datafield ind1=" " ind2=" " tag="985">
<subfield code="a">AFC/1989 Neptune Plaza</subfield>
<subfield code="e">DHC</subfield>
</datafield>
<datafield ind1=" " ind2=" " tag="985">
<subfield code="a">afc/ead</subfield>
</datafield>
<datafield ind1=" " ind2=" " tag="985">
<subfield code="a">afc/coll</subfield>
</datafield>
<datafield ind1=" " ind2=" " tag="985">
<subfield code="a">afc/event</subfield>
</datafield>
</record>
</collection>